@inproceedings{fuchsbauer2018algebraic,
  title={The algebraic group model and its applications},
  author={Fuchsbauer, Georg and Kiltz, Eike and Loss, Julian},
  booktitle={Annual International Cryptology Conference},
  pages={33--62},
  year={2018},
  organization={Springer}
}
@misc{marlin,
    author = {Alessandro Chiesa and Yuncong Hu and Mary Maller and Pratyush Mishra and Noah Vesely and Nicholas Ward},
    title = {Marlin: Preprocessing {zkSNARKs} with Universal and Updatable {SRS}},
    howpublished = {Cryptology ePrint Archive, Report 2019/1047},
    year = {2019},
    note = {\url{https://eprint.iacr.org/2019/1047}},
}
@inproceedings{stark,
  title={Scalable zero knowledge with no trusted setup},
  author={Ben-Sasson, Eli and Bentov, Iddo and Horesh, Yinon and Riabzev, Michael},
  booktitle={Annual International Cryptology Conference},
  pages={701--732},
  year={2019},
  organization={Springer}
}
@inproceedings{groth2018updatable,
  title={Updatable and universal common reference strings with applications to {zk-SNARKs}},
  author={Groth, Jens and Kohlweiss, Markulf and Maller, Mary and Meiklejohn, Sarah and Miers, Ian},
  booktitle={Annual International Cryptology Conference},
  pages={698--728},
  year={2018},
  organization={Springer}
}
@inproceedings{squarespan,
  title={Square span programs with applications to succinct {NIZK} arguments},
  author={Danezis, George and Fournet, C{\'e}dric and Groth, Jens and Kohlweiss, Markulf},
  booktitle={International Conference on the Theory and Application of Cryptology and Information Security},
  pages={532--550},
  year={2014},
  organization={Springer}
}
@misc{parnounsoundness,
    author = {Bryan Parno},
    title = {A Note on the Unsoundness of {vnTinyRAM}'s {SNARK}},
    howpublished = {Cryptology ePrint Archive, Report 2015/437},
    year = {2015},
    note = {\url{https://eprint.iacr.org/2015/437}},
}
@article{gabizon2019security,
  title={On the security of the {BCTV} Pinocchio {zk-SNARK} variant.},
  author={Gabizon, Ariel},
  journal={IACR Cryptology ePrint Archive},
  volume={2019},
  pages={119},
  year={2019}
}
@misc{nitulescugentle,
  title={A Gentle Introduction to {SNARKs}},
  author={Nitulescu, Anca},
  howpublished={\url{https://www.di.ens.fr/~nitulesc/files/Survey-SNARKs.pdf}}
}
@article{petkus2019and,
  title={Why and How {zk-SNARK} Works},
  author={Petkus, Maksym},
  journal={arXiv preprint arXiv:1906.07221},
  year={2019}
}
@misc{pim,
  title={A Programmer's Introduction to Mathematics},
  author={Jeremy Kun},
  howpublished={\url{https://pimbook.org/}},
  year={2018},
}
@misc{primer,
  title={Programming with Finite Fields
},
   author={Jeremy Kun},
   year={2014},
   howpublished={\url{https://jeremykun.com/2014/03/13/programming-with-finite-fields/}}
  }
@misc{generictoagm,
  title={Moving {SNARKs} from the generic to algebraic group model},
  year={2019},
  author={Ariel Gabizon},
  howpublished={\url{https://medium.com/@arielgabizon/moving-snarks-from-the-generic-to-algebraic-group-model-56549d60b90d}}
  }
@misc{main,
  author       = {Andrew Miller, Ye Zhang and Sanket Kanjalkar},
  howpublished = {\url{https://github.com/initc3/babySNARK/blob/master/babysnark.pdf}},
  title        = {Baby SNARK (do do dodo dodo)},
  year         = {2020}
}
@misc{code,
  author       = {Bolton Bailey},
  howpublished = {\url{https://github.com/BoltonBailey/formal-snarks-project/blob/master/src/snarks/babysnark/knowledge_soundness.lean}},
  title        = {Knowledge soundness of Baby SNARKs},
  year         = {2021}
}
@misc{big_operators,
  author       = {Lean 3},
  howpublished = {\url{https://github.com/leanprover-community/mathlib/blob/master/src/algebra/big_operators/basic.lean}},
  title        = {},
  year         = {}
}