@inproceedings{bryant:cade:2021,
author="Randal E. Bryant and Marijn J. H. Heule",
title="Dual Proof Generation for Quantified {B}oolean Formulas with a {BDD}-Based Solver",
booktitle = "Conference on Automated Deduction (CADE)",
year=2021,
series="LNAI",
volume="12699",
pages="433--449",
}
                  

@article{darwiche:jair:2002,
    author = "Adnan Darwiche and Pierre Marquis",
    title = "A Knowledge Compilation Map",
    journal = "Journal of Artificial Intelligence Research",
    year="2002",
    volume=17,                  
}

@inproceedings{mcmillan:cav:1994,
    author= "Ken L. McMillan",
    title = "Hierarchical Representations of Discrete Functions, with Applications to Model Checking",
    booktitle = "Computer-Aided Verification (CAV)",
    year="1994",
    pages="41--54",
    series="LNCS",
    volume=818
}

@article{blum:ipl:1980,
    author="Manuel Blum and Ashok K. Chandra and Mark N. Wegman",
    title="Equivalence of Free {B}oolean Graphs can be Decided Probabilistically in Polynomial Time",
    journal="Information Processing Letters",
    volume=10,
    number=2,
    year="18 March 1980",
    pages="80--82"
}

@article{akers:ieeetc:1978,
    Author="Sheldon B. Akers",
    Title="Binary Decision Diagrams",
    journal="IEEE Transactions on Computers",
    volume="27",
    number="6",
    pages="509--516",
    year="1978",
    month="June"
}

@inproceedings{darwiche:ijcai:2011,
author = "Adnan Darwiche",
title = "{SDD}: A New Canonical Representation of Propositional Knowledge Bases",
booktitle = "International Joint Conference on Artificial Intelligence",
year="2011",
pages="819--826"
}

@inproceedings{dudek:aaai:2020,
author = "Jeffrey M. Dudek and Vu H. N. Phan and Moshe Y. Vardi",
title="{ADDMC}: Weighted Model Counting with Algebraic Decision Diagrams",
booktitle="AAAI Conference on Artificial Intelligence",
year="2020",
pages="1468--1475",
}

@INPROCEEDINGS{bahar:iccad:1993,
    key="Bahar",
    Author="R. Iris Bahar and E. A. Frohm and  C. M. Gaona and
          Gary D. Hachtel and  Enrico Macii and  Abelardo Pardo and Fabio Somenzi",
    Title="Algebraic decision diagrams and their applications",
    BookTitle="International Conference on Computer-Aided Design (ICCAD)",
    pages="188--191",
    year="1993",
}
                   
                  
@article{gergov:ieeetc:1994,
author = "Jordan Gergov and Christoph Meinel",
title  = "Efficient {B}oolean Manipulation with {OBDD}'s can be Extended to {FBDD}'s",
journal = "IEEE Transactions on Computers",
volume="43",
number="10",
month="October",
year="1994",
pages="1197--1209"
}

@inproceedings{gitina:date:2015,
author = "Karina Gitina and Ralf Wimmer and Sven Reimer and Matthias Sauer and Christoph Scholl and Bernd Becker",
title = "Solving {DQBF} Through Quantifier Elimination",
booktitle="Design and Test in Europe (DATE)",
publisher="IEEE",
year="2015",
pages="1617--1622",
}


@inproceedings{wimmer:sat:2017,
author="Ralf Wimmer and Andrewas Karrenbauer and Ruben Becker and Christoph Scholl and Bernd Becker",
title="From {DQBF} to {QBF} by Dependency Elimination",
booktitle="Theory and Applications of Satisfiability Testing (SAT)",
year="2017",
series="LNCS",
volume="10491",
pages="326--343",
}
                  

@inproceedings{niemetz:sat:2012,
author="Aina Niemetz and Mathias Preiner and Florian Lonsing and Martina Seidl and Armin Biere",
title="Resolution-Based Certificate Extraction for {QBF}",
booktitle="Theory and Applications of Satisfiability Testing (SAT)",
year="2012",
series="LNCS",
volume="7317",
pages="430--435"
}

@article{giunchiglia:jair:2006,
author="Enrico Giunchiglia and Massimo Narizzano and Armando Tacchella",
title="Clause/Term Resolution and Learning in the Evaluation of Quantified {B}oolean Formulas",
journal="Journal of AI Research",
volume="26",
year="2006",
pages="371--416"
}

@book{garey:1979,
author = "Michael R. Garey and David S. Johnson",
title="Computers and Intractability: A Guide to the Theory of {NP}-Completeness",
year="1979",
publisher="W. H. Freeman"                  
}


@inproceedings{zhang:iccad:2002,
author = "Zhang, Lintao and Malik, Sharad",
title = "Conflict Driven Learning in a Quantified {B}oolean Satisfiability Solver",
year = "2002",
booktitle = {International Conference on Computer-Aided Design (ICCAD)},
pages = "442-â€“449",
}

@article{narizzano-aic-2009,
author="Narizzano, Massimo and Peschiera, Claudia and Pulina, Luca and Tacchella, Armando",
title="Evaluating and Certifying {QBF}s: A Comparison of State-of-the-Art Tools",
journal="AI Communications",
volume="22",
number="4",
pages = "191--210",
year=2009
}

@inproceedings{peitl:sat:2018,
author = "Tomas Peitl and Friedrich Slivovsky and Stafan Szeider",
title = "Polynomial-Time Validation of {QCDCL} Certificates",
booktitle="Theory and Applications of Satisfiability Testing (SAT)",
year="2018",
series="LNCS",
volume="10929",
pages="253--269",
}


@inproceedings{lonsing:cade:2017,
author="Florian Lonsing and Uwe Egly",
title="{DepQBF} 6.0: A Search-Based {QBF} Solver Beyond Traditional {QCDCL}",
booktitle="Conference on Automated Deduction (CADE)",
year="2017",
series="LNCS",
volume="10395",
pages="371--384",
}

@book{berlekamp:2001,
   author="Elwyn R. Berlekamp and John H. Conway and Richard K. Guy",
   title = "Winning Ways for your Mathematical Plays: Volume 1, Second edition",
   year="2001",
   publisher="CRC Press",
}

@article{bouton:1902,
   author="Charles L. Bouton",
   title="{\textsc{Nim}}, A Game with a Complete Mathematical Theory",
   journal = "Annals of Mathematics",
   volume="3",
   number="1/4",
   year="1901--1902",
   pages="35--39"
}

@inproceedings{goultiaeva:ijcai:2011,
   author="Goultiaeva, Alexandra and Van Gelder, Allen and Bacchus, Fahiem",
   title="A Uniform Approach for Generating Proofs and Strategies for Both True and False {QBF} Formulas",
   booktitle="International Joint Conference on Artificial Intelligence (IJCAI)",
   year="2011",
   pages="546--553"
}

@article{hartman:ejc:2013,                  
   author="Christiaan Hartman and Marijn J. H. Heule and Kees Kwekkeboom and Alain Noels",
   title="Symmetry in {G}ardens of {E}den",
   journal="Electronic Journal of Combinatorics",
   Volume="20",
   Number="3",
   Year="2013"
}
                  
@InProceedings{biere:sat:2005,
   author="Biere, Armin",
   title="Resolve and Expand",
   booktitle="Theory and Applications of Satisfiability Testing (SAT)",
   year="2005",
   pages="59--70",
   series="LNCS",
   volume="3542",
}
                  

@inproceedings{Chew:2016,
title="Extension Variables in {QBF} Resolution",
author="Olaf Beyersdorff and Leroy Chew and {Mikol\'{a}\v{s}} Janota",
booktitle="AAAI Workshop on Beyond NP",
year="2016"
}

@inproceedings{Tan:2021,
title="cake\_lpr: Verified Propagation Redundancy Checking in {CakeML}",
author="Yong Kiam Tan and Marijn J. H. Heule and Magnus O. Myreen",
year=2021,
booktitle = {Tools and Algorithms for the Construction and Analysis of Systems (TACAS)},
}

@inproceedings{bryant:tacas:2021,
title="Generating Extended Resolution Proofs with a {BDD}-Based {SAT} Solver",
author="Randal E. Bryant and Marijn J. H. Heule",
year=2021,
booktitle = {Tools and Algorithms for the Construction and Analysis of Systems (TACAS)},
}

@article{KleineBuening:1995,
title = "Resolution for Quantified {B}oolean Formulas",
journal = "Information and Computation",
volume = "117",
number = "1",
pages = "12--18",
year = "1995",
author = "{Kleine B\"{u}ning}, Hans and Marek Karpinski and Andreas {Fl\"ogel}",
}                  

@InProceedings{lrat,
author="Heule, Marijn J. H.
and Hunt, Warren A.
and Kaufmann, Matt
and Wetzler, Nathan D.",
title="Efficient, Verified Checking of Propositional Proofs",
booktitle="Interactive Theorem Proving",
series="LNCS",
volume="10499",                  
year="2017",
pages="269--284",
}


@unpublished{biere-cadical-2019,
author="Armin Biere",
title="{CaDiCaL} at the {SAT} Race",
note="unpublished",
year=2019
}

@unpublished{biere-kissat-2020,
author="Armin Biere and Katalin Fazekas and Mathias Fleury and Maximilian Heisinger",
title="{CaDiCaL}, {Kissat}, {Paracooba}, {Plingeling}, and {Treengeling} Entering the {SAT} Competition 2020",
note="unpublished",
year=2020
}

@article{hoory-ams-2006,
author = "Shlomo Hoory and Nathan Linial and Avi Wigderson",
title = "Expander Graphs and their Applications",
journal = "Bulletin of the American Mathematical Society",
volume="43",
number="4",
month="October",
year="2006",
pages="439--561"
}


@inproceedings{ZhangMalik,
author = {Zhang, Lintao and Malik, Sharad},
title = {Validating {SAT} Solvers Using an Independent Resolution-Based Checker: Practical Implementations and Other Applications},
year = {2003},
isbn = {0769518702},
publisher = {IEEE Computer Society},
booktitle = {Design, Automation and Test in Europe (DATE) Volume 1},
pages = {10880},
numpages = {6},
}


@article{margulis-1973,
author = "G. A. Margulis",
title  = "Explicit Construction of Concentrators",
journal = "Probl.~Perdachi Info (Problems in Information Transmission)",
volume = 9,
number = 4,
pages = "71--80",
year = 1973,
notes = "In Russian"
}

@article{gabber-jcss-1981,
author = "Ofer Gabber and Zvi Galil",
title = "Explicit Construction of Linear-Sized Superconcentrators",
journal = "Journal of Computer and System Sciences",
volume="22",
year="1981",
pages="407--420"
}

@article{li-dam-2003,
author = "Chu-Min Li",
title = "Equivalent literal propagation in the {DLL} procedure",
journal = "Discrete Applied Mathematics",
volume = "130",
number = "2",
pages = "251--276",
year = "2003",
}


@InProceedings{chatalic-cade-2000,
author="Chatalic, Philippe
and Simon, Laurent",
editor="McAllester, David",
title="{ZRes}: The Old {Davis}-{Putnam} Procedure Meets {ZBDD}",
booktitle="Conference on Automated Deduction (CADE)",
year="2000",
series="LNCS",
volume="1831",
pages="449--454"
}
                  


@InProceedings{cruz-cade-2017,
author="Cruz-Filipe, Lu{\'i}s
and Heule, Marijn J. H.
and Hunt, Warren A.
and Kaufmann, Matt
and Schneider-Kamp, Peter",
title="Efficient Certified {RAT} Verification",
booktitle="Conference on Automated Deduction (CADE)",
year="2017",
series="LNCS",
volume="10395",
pages="220--236",
}                  

@InProceedings{heule-nasa-2019,
author="Heule, Marijn J. H.
and Kiesl, Benjamin
and Biere, Armin",
title="Clausal Proofs of Mutilated Chessboards",
booktitle="NASA Formal Methods",
year="2019",
pages="204--210",                  
series="LNCS",
volume="11460",
}
                  
@InProceedings{uribe-1994,
author="Uribe, Tom{\'a}s E.
and Stickel, Mark E.",
title="Ordered Binary Decision Diagrams and the {D}avis-{P}utnam procedure",
booktitle="Constraints in Computational Logics",
year="1994",
series="LNCS",
volume="845",                  
pages="34--49",
}                  


@InProceedings{Chew,
  author={Chew, Leroy and Heule, Marijn J. H.},
  title={Sorting Parity Encodings by Reusing Variables},
  booktitle="Theory and Applications of Satisfiability Testing (SAT)",
  year={2020},
  pages="1--10",
  volume="12178",
  series={LNCS},
}

@InProceedings{pan-sat-2004,
author="Pan, Guoqiang
and Vardi, Moshe Y.",
title="Search vs.~Symbolic Techniques in Satisfiability Solving",
booktitle="Theory and Applications of Satisfiability Testing (SAT)",
year="2005",
series="LNCS",
volume="3542",
pages="235--250",
}                  

@InProceedings{pan-cp-2004,
author="Pan, Guoqiang and Vardi, Moshe Y.",
title="Symbolic Decision Procedures for {QBF}",
booktitle="Principles and Practice of Constraint Programming (CP)",
year="2004",
series="LNCS",
volume="3258",
pages="453--467",
}                  

@InProceedings{olivo-cp-2011,
author="Oswaldo Olivo and E. Allen Emerson",
title="A More Efficient {BDD}-Based {QBF} Solver",
booktitle="Principles and Practice of Constraint Programming (CP)",
year="2011",
series="LNCS",
volume="6876",
pages="675--690",
}                  

@InProceedings{franco-sat-2004,
author="Franco, John
and Kouril, Michal
and Schlipf, John
and Ward, Jeffrey
and Weaver, Sean
and Dransfield, Michael
and Vanfleet, W. Mark",
title="{SBSAT}: a State-Based, {BDD}-Based Satisfiability Solver",
booktitle="Theory and Applications of Satisfiability Testing (SAT)",
year="2004",
series="LNCS",
volume="2919",
pages="398--410",
}                  

@INPROCEEDINGS(brace-dac-1990,
    key="Bryant",
    Author="Karl S. Brace and Richard L. Rudell and Randal E. Bryant",
    Title="Efficient Implementation of a {BDD} Package",
    BookTitle="Design Automation Conference (DAC)",
    pages="40--45",
    year="1990",
    month="June")


@inproceedings(minato-dac-1990,
  key="Minato",
  author = "Shin-Ichi Minato and Nagisa Ishiura and Shuzo Yajima",
  title="Shared Binary Decision Diagrams with Attributed Edges for Efficient {Boolean} Function Manipulation",
  BookTitle="Design Automation Conference (DAC)",
  pages="52--57",
  year="1990",
  month="June")
                  

@techreport{andersen-1998,
author="Henrik Reif Andersen",
title="An Introduction to Binary Decision Diagrams",
institution="Technical University of Denmark",
year = 1997,
month = "October",
}

@incollection{bryant-hmc-2018,
author="Bryant, Randal E.",
editor="Clarke, Edmund M.
and Henzinger, Thomas A.
and Veith, Helmut
and Bloem, Roderick",
title="Binary Decision Diagrams",
bookTitle="Handbook of Model Checking",
year="2018",
publisher="Springer",
pages="191--217",
}
                  

@article(bryant-acm-1992,
    key="Bryant",
    Author="Randal E. Bryant",
    Title="Symbolic {Boolean} manipulation with ordered binary decision diagrams",
    journal="ACM Computing Surveys",
    volume="24",
    number="3",
    pages="293--318",
    year="1992",
    month="September")


@article{burch-ic-1992,
  author = "Jerry R. Burch and Edmund M. Clarke and Kenneth L. McMillan and David L. Dill and L. J. Hwang",
  title = "Symbolic Model Checking: $10^{20}$ States and Beyond",
  journal = "Information and Computation",
  volume = 98,
  number = 2,
  year = 1992,
  pages = "142--170"
}


@article{dechter-ai-1999,
author = "Rina Dechter",
title = "Bucket Elimination: A Unifying Framework for Reasoning",
journal = "Artificial Intelligence",
volume = 113,
number = "1--2",
year = "1999",
pages = "41--85",
publisher="Elsevier",
}

@article{robinson-1965,
author = "John A. Robinson",
title = "A Machine-Oriented Logic Based on the Resolution Principle",
journal = "J.ACM",
volume = 12,
number = 1,
month = "January",
year = "1965",
pages = "23--41"
}

@article{groote-dam-2003,
author = "Jan F. Groote and H. Zantema",
title = "Resolution and binary decision diagrams cannot simulate each other polynomially",
journal = "Discrete Applied Mathematics",
volume = "130",
number = "2",
pages = "157--171",
year = "2003",
}

@inproceedings{DBLP:conf/focs/DantchevR01,
  author    = {Stefan S. Dantchev and
               S{\o}ren Riis},
  title     = {``{Planar}'' Tautologies Hard for Resolution},
  booktitle = {Symposium on Foundations of Computer Science (FOCS)},
  pages     = {220--229},
  publisher = {{IEEE} Computer Society},
  year      = {2001},
  timestamp = {Fri, 19 May 2017 01:25:59 +0200},
  biburl    = {https://dblp.org/rec/bib/conf/focs/DantchevR01},
  bibsource = {dblp computer science bibliography, https://dblp.org}
}

@inproceedings{shatter,
 author = {Aloul, Fadi A. and Markov, Igor L. and Sakallah, Karem A.},
 title = {Shatter: Efficient Symmetry-breaking for Boolean Satisfiability},
 booktitle = {40th Design Automation Conference},
 series = {DAC '03},
 year = {2003},
 isbn = {1-58113-688-9},
 location = {Anaheim, CA, USA},
 pages = {836--839},
 numpages = {4},
 acmid = {776042},
 publisher = {ACM},
} 

@InProceedings{MiniSym,
author="Metin, Hakan
and Baarir, Souheib
and Colange, Maximilien
and Kordon, Fabrice",
title="{CDCLSym}: Introducing Effective Symmetry Breaking in {SAT} Solving",
booktitle="Tools and Algorithms for the Construction and Analysis of Systems (TACAS)",
year="2018",
pages="99--114",
}

@article{mchess-hard,
 author = {Alekhnovich, Michael},
 title = {Mutilated Chessboard Problem is Exponentially Hard for Resolution},
 journal = {Theoretical Computer Science},
 issue_date = {01 January 2004},
 volume = {310},
 number = {1-3},
 year = {2004},
 issn = {0304-3975},
 pages = {513--525},
 numpages = {13},
 acmid = {967728},
 publisher = {Elsevier Science Publishers Ltd.},
 addressx = {Essex, UK},
 keywords = {lower bounds, propositional proof complexity, resolution},
} 

@Article{deKlerk2000,
author="de Klerk, Etienne
and van Maaren, Hans
and Warners, Joost P.",
title="Relaxations of the Satisfiability Problem Using Semidefinite Programming",
journal="Journal of Automated Reasoning",
year="2000",
day="01",
volume="24",
number="1",
pages="37--65",
}

                  

@article{nut,
author={McCarthy, John},
title={A Tough Nut for Proof Procedures},
year={1964},
journal={Stanford Artificial
Intelligence Project},
volume={Memo 16}
}

@inproceedings{glucose,
  author    = {Gilles Audemard and
               Laurent Simon},
  editorx    = {Craig Boutilier},
  title     = {Predicting Learnt Clauses Quality in Modern {SAT} Solvers},
  booktitle = {International Joint Conference on Artificial Intelligence (IJCAI)},
  pages     = {399--404},
  year      = {2009},
  urlx       = {http://ijcai.org/Proceedings/09/Papers/074.pdf},
  timestamp = {Wed, 20 Jul 2016 14:20:40 +0200},
  biburl    = {https://dblp.org/rec/bib/conf/ijcai/AudemardS09},
  bibsource = {dblp computer science bibliography, https://dblp.org}
}


@inproceedings{ema,
  author    = {Armin Biere and
               Andreas Fr{\"{o}}hlich},
  title     = {Evaluating {CDCL} Restart Schemes},
  booktitle = {Proc.\ of the 6th Pragmatics of {SAT} Workshop (PoS 2015)},
  year      = {2015},
}

@inproceedings{vmtf,
  author    = {Armin Biere and
               Andreas Fr{\"{o}}hlich},
  title     = {Evaluating {CDCL} Variable Scoring Schemes},
  booktitle = {Theory and Applications of Satisfiability Testing (SAT)},
  series    = {LNCS},
  volume    = {9340},
  pages     = {405--422},
  publisher = {Springer},
  year      = {2015},
  timestamp = {Tue, 23 May 2017 01:08:19 +0200},
  biburl    = {https://dblp.org/rec/bib/conf/sat/BiereF15},
  bibsource = {dblp computer science bibliography, https://dblp.org}
}

@article{Lammich,
  author    = {Peter Lammich},
  title     = {Efficient Verified {(UN)SAT} Certificate Checking},
  journal= "Journal of Automated Reasoning",
  volume = "64",
  year      = {2020},
  pages = "513--532"
}

@book{DBLP:series/faia/2009-185,
  editor    = {Biere, Armin and
               Heule, Marijn J. H. and
               van Maaren, Hans and
               Walsh, Toby},
  title     = {Handbook of Satisfiability},
  seriesx   = {Frontiers in Artificial Intelligence and Applications},
  volumex    = {185},
  publisher = {{IOS} Press},
  year      = {2009},
  isbn      = {978-1-58603-929-5},
  timestamp = {Wed, 16 Sep 2009 11:21:15 +0200},
  biburl    = {http://dblp.uni-trier.de/rec/bib/series/faia/2009-185},
  bibsource = {dblp computer science bibliography, http://dblp.org}
}

@inproceedings{maxdual,
  author    = {Maria Luisa Bonet and
               Sam Buss and
               Alexey Ignatiev and
               Jo{\~{a}}o Marques{-}Silva and                  
               Ant{\'{o}}nio Morgado},
  editorx    = {Sheila A. McIlraith and Kilian Q. Weinberger},
  title     = {{MaxSAT} Resolution With the Dual Rail Encoding},
  booktitle = {Proc.\ of the 32nd {AAAI} Conference on Artificial Intelligence \textup{(}AAAI 2018\textup{)}},
  publisher = {{AAAI} Press},
  year      = {2018}
}

@article{brickenstein09_polybori,
author = "Michael Brickenstein and Alexander Dreyer",
title =
 "{PolyBoRi}: A framework for Gr{\"o}bner-basis computations with Boolean polynomials",
journal = "Journal of Symbolic Computation",
volume = "44",
number = "9",
pages = "1326 - 1345",
year = "2009",
note = "Effective Methods in Algebraic Geometry",
issn = "0747-7171",
}

@article{Bryant:1986,
  author    = {Randal E. Bryant},
  title     = {Graph-Based Algorithms for {B}oolean Function Manipulation},
  journal   = {IEEE Trans. Computers},
  volume    = {35},
  number    = {8},
  year      = {1986},
  pages     = {677-691},
  bibsource = {DBLP, http://dblp.uni-trier.de}
}


@inproceedings{Bryant:1987,
 author = {Bryant, R. E. and Beatty, D. and Brace, K. and Cho, K. and Sheffler, T.},
 title = {{COSMOS}: A Compiled Simulator for {MOS} Circuits},
 booktitle = {24th ACM/IEEE Design Automation Conference (DAC)},
 seriesx = {DAC '87},
 year = {1987},
 isbn = {0-8186-0781-5},
 location = {Miami Beach, Florida, USA},
 pages = {9--16},
 numpages = {8},
 acmid = {37890},
 publisher = {ACM},
 addressx = {New York},
} 

@inproceedings{DBLP:conf/ictai/ChatalicS00,
  author    = {Philippe Chatalic and
               Laurent Simon},
  title     = {Multi-resolution on compressed sets of clauses},
  booktitle = {Proc.\ of the 12th {IEEE} Int.\ Conference on Tools with Artificial Intelligence
               \textup{(}ICTAI 2000\textup{)}},
  pages     = {2--10},
  year      = {2000},
}

@inproceedings{amcounting,
  author    = {Carla P. Gomes and
               Ashish Sabharwal and
               Bart Selman},
  title     = {Model Counting: {A} New Strategy for Obtaining Good Bounds},
  booktitle = {Proc.\ of the 21st National Conference on Artificial Intelligence
               and the 18th Innovative Applications of Artificial Intelligence
               Conference \textup{(}AAAI 2006\textup{)}},
  pages     = {54--61},
  publisher = {{AAAI} Press},
  year      = {2006},
  urlx       = {http://www.aaai.org/Library/AAAI/2006/aaai06-009.php},
  timestamp = {Mon, 19 Mar 2012 18:06:02 +0100},
  biburl    = {https://dblp.org/rec/bib/conf/aaai/GomesSS06},
  bibsource = {dblp computer science bibliography, https://dblp.org}
}

@article{Haken:1985,
  author    = {Armin Haken},
  title     = {The Intractability of Resolution},
  journal   = {Theoretical Computer Science},
  volume    = {39},
  pages     = {297--308},
  year      = {1985},
}

@inproceedings{heule04_march,
  author    = {Heule, Marijn J. H. and
               Hans van Maaren},
  title     = {Aligning {CNF-} and Equivalence-reasoning},
  booktitle = {Theory and Applications of Satisfiability Testing (SAT)},
  year      = {2004},
  urlx       = {http://www.satisfiability.org/SAT04/programme/72.pdf},
  timestamp = {Mon, 06 Jun 2005 13:58:12 +0200},
  biburl    = {https://dblp.org/rec/bib/conf/sat/HeuleM04},
  bibsource = {dblp computer science bibliography, https://dblp.org}
}

@inproceedings{Schur,
  author    = {Heule, Marijn J. H.},
  title     = {Schur Number Five},
  booktitle = {Proc.\ of the 32nd {AAAI} Conference on Artificial Intelligence \textup{(}AAAI 2018\textup{)}},
  year      = {2018},
  editorx    = {Sheila A. McIlraith and Kilian Q. Weinberger},
  publisher = {{AAAI} Press},
}

@inproceedings{heule17_shortproofs,
  title 	= {Short Proofs Without New Variables},
  author    = {Heule, Marijn J. H. and
				Kiesl, Benjamin and
               	Biere, Armin},
  year 		= {2017},
  booktitle = {Conference on Automated Deduction (CADE)},
  pages	= {130--147},
  publisher	= {Springer},
  series	= {LNCS},
  volume	= {10395},
  addressx	= {Heidelberg}
}

@inproceedings{heule17_pruning,
  author    = {Marijn J. H. Heule and
               Benjamin Kiesl and
               Martina Seidl and
               Armin Biere},
  title     = {{PR}uning Through Satisfaction},
  booktitle = {Haifa Verification Conference (HVC)},
  series    = {LNCS},
  volume    = {10629},
  pages     = {179--194},
  year      = {2017},
}

@inproceedings{Inprocessing,
  author    = {J{\"{a}}rvisalo, Matti and
               Heule, Marijn J. H. and
               Biere, Armin},
  title     = {Inprocessing Rules},
  booktitle = {Proc.\ of the 6th Int.\ Joint Conference on 
		Automated Reasoning \textup{(}{IJCAR~2012}\textup{)}},
  pages     = {355--370},
  year      = {2012},
  series    = {LNCS},
  volume    = {7364},
  publisher = {Springer},
  addressx = {Heidelberg}
}

@inproceedings{heule17_efficient_verified_checking,
  author    = {Heule, Marijn J. H. and
               {Hunt Jr.}, Warren A.  and
               Kaufmann, Matt and
               Wetzler, Nathan D.},
  editorx    = {Mauricio Ayala{-}Rinc{\'{o}}n and
               C{\'{e}}sar A. Mu{\~{n}}oz},
  title     = {Efficient, Verified Checking of Propositional Proofs},
  booktitle = {Interactive Theorem Proving (ITP)},
  series    = {LNCS},
  volume    = {10499},
  pages     = {269--284},
  year      = {2017},
  timestamp = {Wed, 06 Sep 2017 15:05:23 +0200},
  biburl    = {https://dblp.org/rec/bib/conf/itp/HeuleHKW17},
  bibsource = {dblp computer science bibliography, https://dblp.org}
}

@inproceedings{heule18_what_a_difference,
  author    = {Marijn J. H. Heule and
               Armin Biere},
  title     = {What a Difference a Variable Makes},
  booktitle = {Tools and Algorithms for the Construction and Analysis of Systems (TACAS)},
  series    = {LNCS},
  volume    = {10806},
  pages     = {75--92},
  year      = {2018},
  timestamp = {Tue, 26 Jun 2018 14:11:55 +0200},
  biburl    = {https://dblp.org/rec/bib/conf/tacas/HeuleB18},
  bibsource = {dblp computer science bibliography, https://dblp.org}
}

@inproceedings{superblocked_clauses,
    title = {Super-Blocked Clauses},
    author    = {Benjamin Kiesl and
               Martina Seidl and
               Hans Tompits and
               Armin Biere},
    pages     = {45--61},
    year      = {2016},
    booktitle = {Proc.\ of the 8th Int.\ Joint Conference on Automated Reasoning \textup{(}\mbox{IJCAR~2016}\textup{)}},
    series    = {LNCS},
    volume    = {9706},
    publisher = {Springer},
    addressx = {Cham}
}

@article{kullman:dam:1999,
  author    = {Oliver Kullmann},
  title     = {On a Generalization of Extended Resolution},
  journal   = {Discrete Applied Mathematics},
  volume    = {96-97},
  pages     = {149--176},
  year      = {1999},
}

@incollection{CDCL-handbook,
  author    = {Jo{\~{a}}o Marques{-}Silva and Ines Lynce and Sharad Malik},
  title     = {Conflict-Driven Clause Learning {SAT} Solvers},
  booktitle = {Handbook of Satisfiability},
  pages     = {131--153},
  year      = {2009},
  seriesx    = {Frontiers in Artificial Intelligence and Applications},
  volumex    = {185},
  publisher = {{IOS} Press},
  crossrefx  = {DBLP:series/faia/2009-185},
}

@article{marquessilva99_grasp,
  author    = {Marques-Silva, Jo{\~{a}}o P.  and
               Sakallah, Karem A.},
  title     = {{GRASP:} {A} Search Algorithm for Propositional Satisfiability},
  journal   = {{IEEE} Transactions on Computers},
  volume    = {48},
  number    = {5},
  pages     = {506--521},
  year      = {1999},
}

@article{mchess,
  author={John McCarthy},
  title={A Tough Nut for Proof Procedures},
  journal={Memo 16, Stanford Artificial Intelligence Project},
  month={July},
  year={1964},
}

@inproceedings{moskewicz01_chaff,
  author    = {Matthew W. Moskewicz and
               Conor F. Madigan and
               Ying Zhao and
               Lintao Zhang and
               Sharad Malik},
  title     = {Chaff: Engineering an Efficient {SAT} Solver},
  pages     = {530--535},
  year      = {2001},
  booktitle     = {38th Design Automation Conference (DAC)},
  publisher = {{ACM}},
}

@inproceedings{CB,
author="Nadel, Alexander
and Ryvchin, Vadim",
title="Chronological Backtracking",
booktitle="Theory and Applications of Satisfiability Testing (SAT)",
year="2018",
series="LNCS",
volume="10929",
publisher="Springer",
addressx="Cham",
pages="111--121",
}

@article{Palopoli,
title = "Algorithms for selective enumeration of prime implicants",
journal = "Artificial Intelligence",
volume = "111",
number = "1",
pages = "41 - 72",
year = "1999",
issn = "0004-3702",
author = "Luigi Palopoli and Fiora Pirri and Clara Pizzuti",
keywords = "Integer programming, Prime implicants, Prime implicate, Diagnosis, Abduction, 0â€“1 programming, Optimization problems"
}

@inproceedings{DRAT-XOR,
  author    = {Tobias Philipp and
               Adrian Rebola{-}Pardo},
  title     = {{DRAT} Proofs for {XOR} Reasoning},
  booktitle = {Proc.\ of the 15th European Conference on Logics in Artificial Intelligence \textup{(}JELIA 2016\textup{)}},
  pages     = {415--429},
  year      = {2016},
  publisher = {Springer},
  series    = {LNCS},
  volume    = {10021},
  editorx    = {Loizos Michael and
               Antonis C. Kakas},
  timestamp = {Thu, 25 May 2017 00:42:52 +0200},
  biburl    = {https://dblp.org/rec/bib/conf/jelia/PhilippR16},
  bibsource = {dblp computer science bibliography, https://dblp.org}
}

@inproceedings{ebddres,
  author    = {Carsten Sinz and
               Armin Biere},
  title     = {Extended Resolution Proofs for Conjoining {BDD}s},
  pages     = {600--611},
  series    = {LNCS},
  volume    = {3967},
  year      = {2006},
 booktitle = {Computer Science Symposium in Russia (CSR)}, 
}

@inproceedings{crypto,
author="Soos, Mate
and Nohl, Karsten
and Castelluccia, Claude",
editorx="Kullmann, Oliver",
title="Extending {SAT} Solvers to Cryptographic Problems",
booktitle="Proc.\ of the 12th Int.\ Conference on Theory and Applications of Satisfiability Testing \textsc{(}SAT 2009\textsc{)}",
year="2009",
publisher="Springer",
series = "LNCS",
volume = "5584",
addressx="Heidelberg",
pages="244--257",
}

@article{Alekhnovich,
 author = {Alekhnovich, Michael},
 title = {Mutilated Chessboard Problem is Exponentially Hard for Resolution},
 journal = {Theoretical Computer Science},
 issue_date = {01 January 2004},
 volume = {310},
 number = {1-3},
 month = jan,
 year = {2004},
 issn = {0304-3975},
 pages = {513--525},
 numpages = {13},
 acmid = {967728},
 publisher = {Elsevier Science Publishers Ltd.},
 addressx = {Essex, UK},
 keywords = {lower bounds, propositional proof complexity, resolution},
} 

@inproceedings{Jussila:2006,
 author = {Jussila, Toni and Sinz, Carsten and Biere, Armin},
 title = {Extended Resolution Proofs for Symbolic {SAT} Solving with Quantification},
 booktitle = {Theory and Applications of Satisfiability Testing (SAT)},
 series = {LNCS},
 volume = {4121},
 year = {2006},
 isbn = {3-540-37206-7, 978-3-540-37206-6},
 pages = {54--60},
 numpages = {7},
 acmid = {2165391},
} 

@inproceedings{Jussila:2007,
 author = {Jussila, Toni and Sinz, Carsten and Biere, Armin and Kr\"{o}ning, Daniel and Wintersteiger, Christoph M.},
 title = {A First Step Towards a Unified Proof Checker for {QBF}},
 booktitle = {Theory and Applications of Satisfiability Testing (SAT)},
 series = {LNCS},
 volume = {4501},
 year = {2007},
 pages = {201--714},
} 


@inproceedings{Tseitin:1983,
author="Tseitin, G. S.",
title="On the Complexity of Derivation in Propositional Calculus",
booktitle="Automation of Reasoning: 2: Classical Papers on Computational Logic 1967--1970",
year="1983",
publisher="Springer",
addressx="Heidelberg",
pages="466--483",
isbn="978-3-642-81955-1",
}

@article{Urquhart:1987,
 author = {Urquhart, Alasdair},
 title = {Hard Examples for Resolution},
 journal = {J.ACM},
 issue_date = {Jan. 1987},
 volume = {34},
 number = {1},
 monthx = jan,
 year = {1987},
 issn = {0004-5411},
 pages = {209--219},
 numpages = {11},
 acmid = {8928},
 publisher = {ACM},
 addressx = {New York, NY, USA},
} 

@article{Warners,
title = "Recognition of tractable satisfiability problems through balanced polynomial representations",
journal = "Discrete Applied Mathematics",
volume = "99",
number = "1",
pages = "229 - 244",
year = "2000",
issn = "0166-218X",
author = "Joost P. Warners and Hans van Maaren",
keywords = "Satisfiability, Conjunctive normal form, Polynomial functions, Polynomial-time algorithm"
}










@incollection{urquhart01_complexity,
  author    = {Alasdair Urquhart},
  title     = {The Complexity of Propositional Proofs},
  booktitle = {Current Trends in Theoretical Computer Science},
  pages     = {332--342},
  year      = {2001},
  publisher = {World Scientific},
}

@article{autarky,
title = "Solving satisfiability in less than $2^n$ steps",
journal = "Discrete Applied Mathematics",
volume = "10",
number = "3",
pages = "287--295",
year = "1985",
note = "",
issn = "0166-218X",
author = "B. Monien and E. Speckenmeyer"
}

@article{BMC,
  author    = {Edmund M. Clarke and
               Armin Biere and
               Richard Raimi and
               Yunshan Zhu},
  title     = {Bounded Model Checking Using Satisfiability Solving},
  journal   = {Formal Methods in System Design},
  volume    = {19},
  number    = {1},
  pages     = {7--34},
  year      = {2001},
  timestamp = {Wed, 25 May 2011 16:32:21 +0200},
  biburl    = {http://dblp.uni-trier.de/rec/bib/journals/fmsd/ClarkeBRZ01},
  bibsource = {dblp computer science bibliography, http://dblp.org}
}

@inproceedings{SC16_published,
  author={Balyo, Tom\'a\v{s} and Heule, Marijn J. H. and J{\"{a}}rvisalo, Matti},
  title={{SAT} Competition 2016: Recent Developments},
  booktitle={Proc.\ of the 31st {AAAI} Conference on Artificial Intelligence
               \textup{(}AAAI~2017\textup{)}},
  publisher={AAAI Press},
  year={2017},
}

@misc{SC16,
  author={Balyo, Tom\'a\v{s} and Heule, Marijn J. H. and J{\"{a}}rvisalo, Matti},
  title={{SAT} Competition 2016: Recent Developments},
  howpublished={To appear in: Proc.\ of the 31st {AAAI} Conference on Artificial Intelligence
               \textup{(}AAAI~2017\textup{)}, {AAAI} Press},
  publisher={AAAI Press},
  year={2017},
}

@article{SBMC,
author = {Franjo Ivan{\v{c}}i{\'{c}} and Zijiang Yang and Malay K. Ganai and Aarti Gupta and Pranav Ashar},
title = {Efficient {SAT}-based bounded model checking for software verification},
journal = {Theoretical Computer Science},
volume = {404},
number = {3},
pages = {256--274},
year = {2008},
issn = {0304-3975},
url = {http://www.sciencedirect.com/science/article/pii/S0304397508002223},
}

@article{Konev:2015,
 author = {Konev, Boris and Lisitsa, Alexei},
 title = {Computer-aided Proof of {E}rd{\H{o}}s Discrepancy Properties},
 journal = {Artificial Intelligence},
 issue_date = {July 2015},
 volume = {224},
 number = {C},
 month = jul,
 year = {2015},
 issn = {0004-3702},
 pages = {103--118},
 numpages = {16},
 acmid = {2780920},
 publisher = {Elsevier Science Publishers Ltd.},
 addressx = {Essex, UK},
}

@inproceedings{Ptn,
author={Heule, Marijn J. H. and Kullmann, Oliver and Marek, Victor W.},
title={Solving and Verifying the {B}oolean {P}ythagorean {T}riples Problem via {C}ube-and-{C}onquer},
bookTitle={Theory and Applications of Satisfiability Testing (SAT)},
year={2016},
publisher={Springer},
series={LNCS},
volume={9710},
pages={228--245},
}

@inproceedings{wetzler14_drattrim,
author={Wetzler, Nathan D.
and Heule, Marijn J. H.
and Hunt Jr., Warren A.},
title={{DRAT}-trim: Efficient Checking and Trimming Using Expressive Clausal Proofs},
booktitle={Theory and Applications of Satisfiability Testing (SAT)},
year={2014},
pages={422--429},
series={LNCS},
volume={8561},
isbn={978-3-319-09284-3},
}

@inproceedings{biere16_satcomp,
  author    = {Biere, Armin},
  title     = {{Splatz, Lingeling, Plingeling, Treengeling, YalSAT Entering the SAT Competition 2016}},
  pages     = {44-45},
  booktitle = {Proc. of {SAT Competition} 2016 -- Solver and Benchmark Descriptions},
  volume    = {B-2016-1},
  series    = {Dep. of Computer Science Series of Publications B},
  publisher = {University of Helsinki},
  addressx = {Helsinki},
  year      = {2016},
}

@book{appa,
   title = {All about Proofs, Proofs for all},
   editorx = {Woltzenlogel Paleo, Bruno and Delahaye, David},
   year = {2015},
   publisher = {College Publications},
   series = {Mathematical Logic and Foundations},
   volume = {55},
}

@incollection{appaHeule,
   title = {Proofs for Satisfiability Problems},
   author = {Heule, Marijn J. H. and Biere, Armin},
   booktitle = {All about Proofs, Proofs for All (APPA)},
   year = {2015},
   volume  = {55},
   series = {Math. Logic and Foundations}, 
   publisher = {College Pub.},
}

@incollection{kleinebuening09_autarkies,
  author    = {Hans Kleine{ }B{\"{u}}ning and
               Oliver Kullmann},
  title     = {Minimal Unsatisfiability and Autarkies},
  booktitle = {Handbook of Satisfiability},
  pages     = {339--401},
  year      = {2009},
  seriesx    = {Frontiers in Artificial Intelligence and Applications},
  volumex    = {185},
  publisher = {{IOS} Press},
  crossrefx  = {DBLP:series/faia/2009-185},
}

@article{weaver_jsat_2006,
  author    = {Sean Weaver and
               John V. Franco and
               John S. Schlipf},
  title     = {Extending Existential Quantification in Conjunctions of {BDD}s},
  journal   = {{JSAT}},
  volume    = {1},
  number    = {2},
  pages     = {89--110},
  year      = {2006},
  timestamp = {Tue, 05 May 2009 14:10:16 +0200},
  biburl    = {http://dblp.uni-trier.de/rec/bib/journals/jsat/WeaverFS06},
  bibsource = {dblp computer science bibliography, http://dblp.org}
}

@inproceedings{DAC02,
 author = {Andersson, Gunnar and Bjesse, Per and Cook, Byron and Hanna, Ziyad},
 title = {A Proof Engine Approach to Solving Combinational Design Automation Problems},
 booktitle = {Proc.\ of the 39th Annual Design Automation Conference \textup{(}DAC~2002\textup{)}},
 seriesx = {DAC '02},
 year = {2002},
 isbn = {1-58113-461-4},
 locationx = {New Orleans, Louisiana, USA},
 pages = {725--730},
 numpages = {6},
 acmid = {514101},
 publisher = {ACM},
 addressx = {New York},
} 

@inproceedings{Crawford,
    author = {James Crawford and Matthew Ginsberg and Eugene Luks and Amitabha Roy},
    title = {Symmetry-Breaking Predicates for Search Problems},
    booktitle = {Proc.\ of the 5th Int.\ Conference on Principles of
               Knowledge Representation and Reasoning \textup{(}KR~1996\textup{)}},
    year = {1996},
    pages = {148--159},
    publisher = {Morgan Kaufmann},
}

@inproceedings{glucoser,
  author    = {Gilles Audemard and
               George Katsirelos and
               Laurent Simon},
  title     = {{A Restriction of Extended Resolution for Clause Learning
               SAT Solvers}},
  pages     = {15--20}, 
  booktitle = {Proc.\ of the 24th {AAAI} Conference on Artificial Intelligence
               \textup{(}AAAI~2010\textup{)}},
  publisher = {AAAI Press},
  year      = {2010},
  ee        = {http://www.aaai.org/ocs/index.php/AAAI/AAAI10/paper/view/1811},
  bibsource = {DBLP, http://dblp.uni-trier.de}
}

@inproceedings{reencoding,
  author = {Manthey, Norbert and Heule, Marijn J. H.  and Biere, Armin},
  title = {Automated Reencoding of Boolean Formulas},
  booktitle = {Proc.\ of the 8th Int.\ Haifa Verification Conference \textup{(}HVC~2012\textup{)}},
  series = {LNCS},
  volume = {7857},
  publisher = {Springer},
  addressx = {Heidelberg},
  year = {2013},
}

@inproceedings{Devriendt,
author={Devriendt, Jo
and Bogaerts, Bart
and Bruynooghe, Maurice
and Denecker, Marc},
title={Improved Static Symmetry Breaking for {SAT}},
booktitle={Proc.\ of the 19th Int.\ Conference on Theory and Applications of Satisfiability Testing \textup{(}SAT~2016\textup{)}},
year={2016},
series={LNCS},
volume={9710},
publisher={Springer},
addressx={Cham},
pages={104--122},
}

@inproceedings{Goldberg,
 author = {Goldberg, Evgueni I. and Novikov, Yakov},
 title = {Verification of Proofs of Unsatisfiability for {CNF} Formulas},
 booktitle = {Proc.\ of the Conference on Design, Automation and Test in Europe (DATE)},
 year = {2003},
 isbn = {0-7695-1870-2},
 pages = {10886--10891},
 url = {http://dl.acm.org/citation.cfm?id=789083.1022836},
 acmid = {1022836},
 publisher = {IEEE Computer Society},
 addressx = {Washington, DC, USA},
}

@article{RUP,
  author    = {Van Gelder, Allen},
  title     = {Producing and verifying extremely large propositional refutations},
  journal   = {Annals of Mathematics and Artificial Intelligence},
  volume    = {65},
  number    = {4},
  pages     = {329--372},
  year      = {2012},
}

@article{BlockedClauseEliminationJournal,
  author    = {J{\"{a}}rvisalo, Matti and
               Biere, Armin and
               Heule, Marijn J. H.},
  title     = {Simulating Circuit-Level Simplifications on {CNF}},
  journal   = {Journal on  Automated Reasoning},
  volume    = {49},
  number    = {4},
  pages     = {583--619},
  year      = {2012},
}

@article{Cook:1976,
 author = {Cook, Stephen A.},
 title = {A Short Proof of the Pigeon Hole Principle Using Extended Resolution},
 journal = {SIGACT News},
 issue_date = {October-December 1976},
 volume = {8},
 number = {4},
 month = oct,
 year = {1976},
 issn = {0163-5700},
 pages = {28--32},
 numpages = {5},
 acmid = {1008338},
 publisher = {ACM},
 addressx = {New York},
}

@inproceedings{RAT,
  author    = {Heule, Marijn J. H. and
               {Hunt, Jr.}, Warren A. and
               Wetzler, Nathan D.},
  title     = {Verifying Refutations with Extended Resolution},
  booktitle = {Conference on Automated Deduction (CADE)},
  addressx= {Heidelberg},
  pages     = {345--359},
  year      = {2013},
  series    = {LNCS},
  volume    = {7898},
}

@inproceedings{sbp,
author={Heule, Marijn J. H.
and Hunt Jr., Warren A.
and Wetzler, Nathan D.},
title={Expressing Symmetry Breaking in {DRAT} Proofs},
booktitle={Conference on Automated Deduction (CADE)},
year={2015},
series={LNCS},
volume={9195},
addressx={Cham},
pages={591--606},
isbn={978-3-319-21401-6},
}


@article{Urquhart,
 author = {Alasdair Urquhart},
 journal = {The Bulletin of Symbolic Logic},
 number = {4},
 pages = {425-467},
 publisher = {[Association for Symbolic Logic, Cambridge University Press]},
 title = {The Complexity of Propositional Proofs},
 volume = {1},
 year = {1995}
}

@article{Nordstrom,
 author = {Nordstr\"{o}m, Jakob},
 title = {A Simplified Way of Proving Trade-off Results for Resolution},
 journal = {Information Processing Letters},
 issue_date = {August, 2009},
 volume = {109},
 number = {18},
 month = aug,
 year = {2009},
 issn = {0020-0190},
 pages = {1030--1035},
 numpages = {6},
}

@inproceedings{minimizing,
  author    = {Niklas S{\"{o}}rensson and
               Armin Biere},
  title     = {Minimizing Learned Clauses},
  pages     = {237--243},
  series    = {LNCS},
  volume    = {5584},
  publisher = {Springer},
  year      = {2009},
  booktitle = {Proc. of the 12th Int. Conference on 
		Theory and Applications of Satisfiability Testing ({SAT} 2009)},
}



@article{nordstroem15_resolution_sat,
  author    = {Jakob Nordstr{\"{o}}m},
  title     = {On the interplay between proof complexity and {SAT} solving},
  journal   = {{SIGLOG} News},
  volume    = {2},
  number    = {3},
  pages     = {19--44},
  year      = {2015}
}



@article{Lamb,
  author= {Evelyn Lamb},
  title = {Maths proof smashes size record},
  journal ={Nature},
  volume = {534},
  pages = {17-18},
  year = {2017},
}

@inproceedings{vangelder08_verifying_rup_proofs,
  title={Verifying {RUP} Proofs of Propositional Unsatisfiability},
  author={Van Gelder, Allen},
  booktitle={Proc.\ of the 10th Int.\ Symposium on Artificial Intelligence and Mathematics \textsc{(}ISAIM~2008\textsc{)}},
  year={2008}
}

@inproceedings{DBLP:conf/cade/RegerSV15,
  author    = {Giles Reger and
               Martin Suda and
               Andrei Voronkov},
  title     = {Playing with {AVATAR}},
  booktitle = {Conference on Automated Deduction (CADE)},
  pages     = {399--415},
  year      = {2015},
  series    = {LNCS},
  volume    = {9195},
  publisher = {Springer},
  addressx = {Cham}
}

@incollection{DBLP:series/faia/BarrettSST09,
  author    = {Clark W.\ Barrett and
               Roberto Sebastiani and
               Sanjit A.\ Seshia and
               Cesare Tinelli},
  title     = {Satisfiability Modulo Theories},
  booktitle = {Handbook of Satisfiability},
  pages     = {825--885},
  year      = {2009},
  seriesx    = {Frontiers in Artificial Intelligence and Applications},
  volumex    = {185},
  publisher = {{IOS} Press},
}


@incollection{kleinebuening09_theoryofqbf,
  author    = {Hans Kleine{ }B{\"{u}}ning and
               Uwe Bubeck},
  title     = {Theory of Quantified Boolean Formulas},
  booktitle = {Handbook of Satisfiability},
  pages     = {735--760},
  year      = {2009},
  seriesx    = {Frontiers in Artificial Intelligence and Applications},
  volumex    = {185},
  publisher = {{IOS} Press},
}

@ARTICLE{vizel15,
author={Vizel, Y.\ and Weissenbacher, G.\ and Malik, S.},
journal={Proc.\ of the IEEE},
title={Boolean Satisfiability Solvers and Their Applications in Model Checking},
year={2015},
volume={103},
number={11},
pages={2021-2035},
}



@article{ClauseEliminationJournal,
  author    = {Heule, Marijn J. H. and
               J{\"{a}}rvisalo, Matti and
               Lonsing, Florian and
               Seidl, Martina and
               Biere, Armin},
  title     = {Clause Elimination for {SAT} and {QSAT}},
  journal   = {Journal of Artifical Intelligence Research},
  volume    = {53},
  pages     = {127--168},
  year      = {2015},
}

@inproceedings{DynamicBlockedClauses,
  author    = {Florian Lonsing and
               Fahiem Bacchus and
               Armin Biere and
               Uwe Egly and
               Martina Seidl},
  title     = {Enhancing Search-Based {QBF} Solving by Dynamic Blocked Clause Elimination},
  booktitle = {Proc.\ of the 20th Int.\ Conf.\ on 
	Logic for Programming, Artificial Intelligence \textup{(}LPAR-20\textup{)}},
  pages     = {418--433},
  series    = {LNCS},
  volume    = {9450},
  addressx = {Heidelberg},
  year      = {2015}
}


@inproceedings{BlockedLiterals,
  author    = {Heule, Marijn and
               Seidl, Martina and
               Biere, Armin},
  title     = {Blocked Literals Are Universal},
  booktitle = {{NASA} Formal Methods - 7th Int.\ Symposium, {NFM} 2015, Pasadena,
               CA, USA, April 27-29, 2015, Proc.},
  pages     = {436--442},
  year      = {2015},
  crossref  = {DBLP:conf/nfm/2015},
}

@proceedings{DBLP:conf/nfm/2015,
  title     = {{NASA} Formal Methods - 7th Int.\ Symposium, {NFM} 2015, Pasadena,
               CA, USA, April 27-29, 2015, Proc.},
  series    = {LNCS},
  volume    = {9058},
  publisher = {Springer},
  year      = {2015},
}

@inproceedings{OptimizedBlockedClauseDecomposition,
  author    = {Balyo, Tom\'a\v{s}  and
               Fr{\"{o}}hlich, Andreas and
               Heule, Marijn J. H. and
               Biere, Armin },
  title     = {Everything You Always Wanted to Know about Blocked Sets (But Were
               Afraid to Ask)},
  booktitle = {Theory and Applications of Satisfiability Testing (SAT)},
  editorx={Sinz, Carsten
and Egly, Uwe},
  pages     = {317--332},
  year      = {2014},
  series    = {LNCS},
  volume    = {8561},
  publisher = {Springer},
  addressx = {Cham}
}

@inproceedings{BlockedClauseDecomposition,
  author    = {Heule, Marijn J. H. and
               Biere, Armin},
  title     = {Blocked Clause Decomposition},
  booktitle = {Proc.\ of the 19th Int.\ Conf.\ on 
		Logic for Programming, Artificial Intelligence, and Reasoning 
		\textup{(}LPAR-19\textup{)}},
  editorx={McMillan, Ken
and Middeldorp, Aart
and Voronkov, Andrei},
  pages     = {423--438},
  year      = {2013},
  series    = {LNCS},
  volume    = {8312},
  publisher = {Springer},
  addressx = {Heidelberg}
}

@inproceedings{card,
  author    = {Carsten Sinz},
  title     = {Towards an Optimal {CNF} Encoding of {B}oolean Cardinality Constraints},
  booktitle = {Principles and Practice of Constraint Programming (CP)},
  pages     = {827--831},
  year      = {2005},
  series    = {LNCS},
  volume    = {3709},
}

@article{DBLP:journals/corr/Chen15o,
  author    = {Jingchao Chen},
  title     = {Fast Blocked Clause Decomposition with High Quality},
  journal   = {CoRR},
  volume    = {abs/1507.00459},
  year      = {2015},
  url       = {http://arxiv.org/abs/1507.00459},
  timestamp = {Sun, 02 Aug 2015 18:42:02 +0200},
  biburl    = {http://dblp.uni-trier.de/rec/bib/journals/corr/Chen15o},
  bibsource = {dblp computer science bibliography, http://dblp.org}
}

@inproceedings{DBLP:conf/sat/IserMS15,
  author    = {Markus Iser and
               Norbert Manthey and
               Carsten Sinz},
  title     = {Recognition of Nested Gates in {CNF} Formulas},
  booktitle = {Proc.\ of the 18th Int.\ Conf.\ on 
		Theory and Applications of Satisfiability Testing \textup{(}{SAT 2015}\textup{)}},
  editorx={Heule, Marijn and Weaver, Sean},
  pages     = {255--271},
  year      = {2015},
  series    = {LNCS},
  volume    = {9340},
  publisher = {Springer},
  addressx={Cham},
}

@inproceedings{Bloqqer,
  author    = {Armin Biere and
               Florian Lonsing and
               Martina Seidl},
  title     = {Blocked Clause Elimination for {QBF}},
  booktitle = {Conference on Automated Deduction(CADE)},
  pages     = {101--115},
  series    = {LNCS},
  volume    = {6803},
  publisher = {Springer},
  year      = {2011},
}

@inproceedings{ClauseEliminationConf.,
  author    = {Heule, Marijn J. H. and
               J{\"{a}}rvisalo, Matti  and
               Biere, Armin},
  title     = {Clause Elimination Procedures for {CNF} Formulas},
  booktitle = {Logic for Programming, Artificial Intelligence, and Reasoning - 17th
               Int.\ Conf., LPAR-17, Yogyakarta, Indonesia, October
               10-15, 2010. Proc.},
  pages     = {357--371},
  year      = {2010},
  crossref  = {DBLP:conf/lpar/2010y},
}

@proceedings{DBLP:conf/lpar/2010y,
  editorx    = {Christian G.\ Ferm{\"{u}}ller and
               Andrei Voronkov},
  title     = {Logic for Programming, Artificial Intelligence, and Reasoning - 17th
               Int.\ Conf., LPAR-17, Yogyakarta, Indonesia, October
               10-15, 2010. Proc.},
  series    = {LNCS},
  volume    = {6397},
  publisher = {Springer},
  year      = {2010},
}

@inproceedings{CoveredClauseElimination,
  author    = {Marijn Heule and
               Matti J{\"{a}}rvisalo and
               Armin Biere},
  title     = {Covered Clause Elimination},
  booktitle = {Short papers for 17th Int.\ Conf.\ on Logic for Programming,
               Artificial intelligence, and Reasoning, LPAR-17-short, Yogyakarta,
               Indonesia, October 10-15, 2010},
  pages     = {41--46},
  year      = {2010},
  crossref  = {DBLP:conf/lpar/2010ys},
  url       = {http://www.easychair.org/publications/?page=1871595623},
  timestamp = {Fri, 29 Nov 2013 17:33:32 +0100},
  biburl    = {http://dblp.uni-trier.de/rec/bib/conf/lpar/HeuleJB10a},
  bibsource = {dblp computer science bibliography, http://dblp.org}
}

@proceedings{DBLP:conf/lpar/2010ys,
  editorx    = {Andrei Voronkov and
               Geoff Sutcliffe and
               Matthias Baaz and
               Christian G.\ Ferm{\"{u}}ller},
  title     = {Short papers for 17th Int.\ Conf.\ on Logic for Programming,
               Artificial intelligence, and Reasoning, LPAR-17-short, Yogyakarta,
               Indonesia, October 10-15, 2010},
  series    = {EPiC Series},
  volume    = {13},
  publisher = {EasyChair},
  year      = {2013},
  url       = {http://www.easychair.org/publications/?page=1915729019},
  timestamp = {Fri, 29 Nov 2013 17:28:47 +0100},
  biburl    = {http://dblp.uni-trier.de/rec/bib/conf/lpar/2010ys},
  bibsource = {dblp computer science bibliography, http://dblp.org}
}

@inproceedings{Cruz-FilipeMS17,
  author    = {Lu{\'{\i}}s Cruz{-}Filipe and
               Jo{\~{a}}o Marques{-}Silva and
               Peter Schneider{-}Kamp},
  title     = {Efficient Certified Resolution Proof Checking},
  booktitle = {Tools and Algorithms for the Construction and Analysis of Systems (TACAS)},
  pages     = {118--135},
  year      = {2017},
   volume    = {10205},
}

@inproceedings{BlockedClauseElimination,
  author    = {Matti J{\"{a}}rvisalo and
               Armin Biere and
               Marijn Heule},
  title     = {Blocked Clause Elimination},
  booktitle = {Proc.\ of the 16th Int.\ Conf.\ on 
		Tools and Algorithms for the Construction and 
		Analysis of Systems \textup{(}{TACAS 2010}\textup{)}},
  editorx={Esparza, Javier
and Majumdar, Rupak},
  pages     = {129--144},
  year      = {2010},
  series    = {LNCS},
  volume    = {6015},
  publisher = {Springer},
  addressx = {Heidelberg}
}

@inproceedings{DBLP:conf/sat/MantheyPW13,
  author    = {Norbert Manthey and
               Tobias Philipp and
               Christoph Wernhard},
  title     = {Soundness of Inprocessing in Clause Sharing {SAT} Solvers},
  booktitle = {Proc.\ of the 16th Int.\ Conf.\ on 
		Theory and Applications of Satisfiability Testing \textup{(}{SAT 2013}\textup{)}},
  editorx={J{\"a}rvisalo, Matti
and Van Gelder, Allen},
  pages     = {22--39},
  year      = {2013},
  series    = {LNCS},
  volume    = {7962},
  publisher = {Springer},
  addressx = {Heidelberg}
}

@article{davis60_a_computing_procedure,
  title={A Computing Procedure for Quantification Theory},
  author={Davis, Martin and Putnam, Hilary},
  journal="J.ACM",
  volume={7},
  number={3},
  pages={201--215},
  year={1960},
  publisher={ACM}
}

@inproceedings{heule:JAR2014,
  author={Heule, Marijn J. H. and Seidl, Martina and Biere, Armin},
  title={A Unified Proof System for {QBF} Preprocessing},
  booktitle={International Joint Conference on Automated Reasoning (IJCAR)},
  year={2014},
  series={LNCS},
  volume={8562},
  pages={91--106},
  isbn={978-3-319-08587-6},
}

@article{heule:JAR2017,
  author={Heule, Marijn J. H. and Seidl, Martina and Biere, Armin},
  title={Solution Validation and Extraction for {QBF}},
  journal="Journal of Automated Reasoning",
  year={2017},
  pages={97--125},
  volume="58",
}
                  

@inproceedings{effective_preprocessing_een05,
  author={E{\'e}n, Niklas
and Biere, Armin},
  title={Effective Preprocessing in {SAT} Through Variable and Clause Elimination},
  booktitle={Proc.\ of the 8th Int.\ Conference on Theory and Applications of Satisfiability Testing \textsc{(}SAT 2005\textsc{)}},
  year={2005},
  series={LNCS},
  volume={3569},
  publisher={Springer},
  pages={61--75},
}

@inproceedings{samulowitz05_usingsatinqbf,
  author    = {Horst Samulowitz and
               Fahiem Bacchus},
  title     = {Using {SAT} in {QBF}},
  booktitle = {Principles and Practice of Constraint Programming (CP)},
  pages     = {578--592},
  year      = {2005},
  series    = {LNCS},
  volume    = {3709},
  publisher = {Springer},
  year      = {2005}
}

@article{klieber:jsat:2019,
author = "William Klieber",
title = "{GhostQ} System Description",
journal = "Journal on Satisfiability, Boolean Modeling, and Computation",
volume="11",
year="2019",
pages="65--72",
publisher="IOS Press"
}

@article{janota16_qbfcegar,
  author    = {Janota, Mikol{\'{a}}s and
               Klieber, William and
                Marques{-}Silva, Jo\~{a}o P. and
               Clarke, Edmund M.},
  title     = {Solving {QBF} with counterexample guided refinement},
  journal   = {Artificial Intelligence},
  volume    = {234},
  pages     = {1--25},
  year      = {2016}
}

@inproceedings{Cruz-FilipeMS17-TACAS,
  author    = {Lu{\'{\i}}s Cruz{-}Filipe and
               Jo{\~{a}}o Marques{-}Silva and
               Peter Schneider{-}Kamp},
  title     = {Efficient Certified Resolution Proof Checking},
  booktitle = {Tools and Algorithms for the Construction and Analysis of Systems (TACAS)},
  series    = {LNCS},
  volume    = {10205},
  pages     = {118--135},
  year      = {2017},
}
